<record><leader>00000cas a22000007a 4500</leader><controlfield tag="001">12696834</controlfield><controlfield tag="008">851019d18701891vauwr ne      0    0eng d</controlfield><datafield ind1=" " ind2=" " tag="010"><subfield code="a">sn 85034350 </subfield></datafield><datafield ind1=" " ind2=" " tag="040"><subfield code="a">NPU</subfield><subfield code="b">eng</subfield><subfield code="c">NPU</subfield><subfield code="d">NVK</subfield><subfield code="d">OCLCQ</subfield><subfield code="d">OCLCF</subfield><subfield code="d">OCLCO</subfield></datafield><datafield ind1="1" ind2=" " tag="029"><subfield code="a">AU@</subfield><subfield code="b">000022025886</subfield></datafield><datafield ind1=" " ind2=" " tag="042"><subfield code="a">msc</subfield></datafield><datafield ind1=" " ind2=" " tag="043"><subfield code="a">n-us-va</subfield></datafield><datafield ind1="0" ind2=" " tag="130"><subfield code="a">Halifax record (Halifax, Va. : 1870 : Weekly)</subfield></datafield><datafield ind1="1" ind2="4" tag="245"><subfield code="a">The Halifax record.</subfield></datafield><datafield ind1=" " ind2=" " tag="260"><subfield code="a">Halifax Court House, Va. :</subfield><subfield code="b">J.M. Carrington &amp; Co., 1870-</subfield></datafield><datafield ind1=" " ind2=" " tag="300"><subfield code="a">v. ;</subfield><subfield code="c">59 cm.</subfield></datafield><datafield ind1=" " ind2=" " tag="310"><subfield code="a">Weekly</subfield></datafield><datafield ind1="0" ind2=" " tag="362"><subfield code="a">Vol. 1, no. 1 (Sept. 9, 1870)-</subfield></datafield><datafield ind1="1" ind2=" " tag="362"><subfield code="a">Ceased in 1891.</subfield><subfield code="z">Cf. Cappon, L.J. Va. newspapers.</subfield></datafield><datafield ind1=" " ind2=" " tag="500"><subfield code="a">Publisher listed in Rowell, 1873.</subfield></datafield><datafield ind1=" " ind2=" " tag="500"><subfield code="a">"A weekly family newspaper."</subfield></datafield><datafield ind1=" " ind2=" " tag="500"><subfield code="a">Imprint varies: moved to South Boston, Va. in 1879.</subfield></datafield><datafield ind1=" " ind2="0" tag="651"><subfield code="a">Halifax (Va.)</subfield><subfield code="v">Newspapers.</subfield></datafield><datafield ind1=" " ind2="0" tag="651"><subfield code="a">South Boston (Va.)</subfield><subfield code="v">Newspapers.</subfield></datafield><datafield ind1=" " ind2="7" tag="655"><subfield code="a">Newspapers.</subfield><subfield code="2">fast</subfield><subfield code="0">(OCoLC)fst01423814</subfield></datafield><datafield ind1=" " ind2="7" tag="651"><subfield code="a">Virginia</subfield><subfield code="z">Halifax.</subfield><subfield code="2">fast</subfield><subfield code="0">(OCoLC)fst01271740</subfield></datafield><datafield ind1=" " ind2="7" tag="651"><subfield code="a">Virginia</subfield><subfield code="z">South Boston.</subfield><subfield code="2">fast</subfield><subfield code="0">(OCoLC)fst01224823</subfield></datafield><datafield ind1=" " ind2=" " tag="752"><subfield code="a">United States</subfield><subfield code="b">Virginia</subfield><subfield code="c">Halifax</subfield><subfield code="d">South Boston.</subfield></datafield><datafield ind1=" " ind2=" " tag="752"><subfield code="a">United States</subfield><subfield code="b">Virginia</subfield><subfield code="c">Halifax</subfield><subfield code="d">Halifax.</subfield></datafield><datafield ind1="0" ind2="7" tag="785"><subfield code="t">Halifax advertiser</subfield><subfield code="w">(DLC)sn 95079141</subfield></datafield><datafield ind1="0" ind2="7" tag="785"><subfield code="t">Record-advertiser (Halifax, Va.)</subfield><subfield code="w">(DLC)sn 95079584</subfield></datafield></record>